<?xml version="1.0" encoding="UTF-8"?><collection xmlns="http://www.loc.gov/MARC21/slim"><record><leader>00410nam--2200169-i-4500</leader><controlfield tag="001">000050266</controlfield><controlfield tag="002">20161230</controlfield><controlfield tag="005">20170204184516</controlfield><controlfield tag="008">060222s1000------------r-----000-0-eng-d</controlfield><datafield ind1=" " ind2=" " tag="080"><subfield code="a">539.172.2</subfield></datafield><datafield ind1=" " ind2=" " tag="100"><subfield code="a">Barhop, E</subfield></datafield><datafield ind1=" " ind2=" " tag="245"><subfield code="a">Elektronnye i ionnye stolknoveniia</subfield></datafield><datafield ind1=" " ind2=" " tag="260"><subfield code="a">Moskva</subfield><subfield code="b">Izd. Inostrannoi Lit</subfield><subfield code="c">1958</subfield></datafield><datafield ind1=" " ind2=" " tag="300"><subfield code="a">604s</subfield></datafield><datafield ind1=" " ind2=" " tag="700"><subfield code="a">Imessi, G</subfield></datafield><datafield ind1=" " ind2=" " tag="852"><subfield code="a">76020</subfield></datafield><datafield ind1=" " ind2=" " tag="CAT"><subfield code="a">SYS</subfield><subfield code="c">20170204</subfield><subfield code="h">184516</subfield></datafield></record></collection>